
@article{cauchemez_estimating_2008,
	title = {Estimating the impact of school closure on influenza transmission from {Sentinel} data},
	volume = {452},
	doi = {10.1038/nature06732},
	number = {7188},
	journal = {Nature},
	author = {Cauchemez, Simon and Valleron, Alain-Jacques and Boëlle, Pierre-Yves and Flahault, Antoine and Ferguson, Neil M.},
	month = apr,
	year = {2008},
	pmid = {18401408},
	keywords = {Adolescent, Adult, Child, Computer Simulation, France, Holidays, Humans, Incidence, Influenza A Virus, H5N1 Subtype, Influenza, Human, Schools, Seasons, Sentinel Surveillance, Time Factors},
	pages = {750--754}
}

@article{viner_school_2020,
	title = {School closure and management practices during coronavirus outbreaks including {COVID}-19: a rapid systematic review},
	volume = {4},
	shorttitle = {School closure and management practices during coronavirus outbreaks including {COVID}-19},
	doi = {10.1016/S2352-4642(20)30095-X},
	number = {5},
	journal = {The Lancet. Child \& Adolescent Health},
	author = {Viner, Russell M. and Russell, Simon J. and Croker, Helen and Packer, Jessica and Ward, Joseph and Stansfield, Claire and Mytton, Oliver and Bonell, Chris and Booy, Robert},
	year = {2020},
	pmid = {32272089},
	pmcid = {PMC7270629},
	keywords = {Adolescent, Child, Child, Preschool, Coronavirus, Coronavirus Infections, Disease Outbreaks, Disease Transmission, Infectious, Humans, Influenza, Human, Pandemics, Pneumonia, Viral, Schools, Time Factors},
	pages = {397--404},
	file = {Full Text:C\:\\Users\\jcohen\\Zotero\\storage\\ISE86RIQ\\Viner et al. - 2020 - School closure and management practices during cor.pdf:application/pdf}
}

@techreport{ferguson_report_2020,
	title = {Report 9: {Impact} of non-pharmaceutical interventions ({NPIs}) to reduce {COVID19} mortality and healthcare demand},
	shorttitle = {Report 9},
	url = {http://spiral.imperial.ac.uk/handle/10044/1/77482},
	urldate = {2020-08-14},
	institution = {Imperial College London},
	author = {Ferguson, N and Laydon, D and Nedjati Gilani, G and Imai, N and Ainslie, K and Baguelin, M and Bhatia, S and Boonyasiri, A and Cucunuba Perez, ZULMA and Cuomo-Dannenburg, G and Dighe, A and Dorigatti, I and Fu, H and Gaythorpe, K and Green, W and Hamlet, A and Hinsley, W and Okell, L and Van Elsland, S and Thompson, H and Verity, R and Volz, E and Wang, H and Wang, Y and Walker, P and Winskill, P and Whittaker, C and Donnelly, C and Riley, S and Ghani, A},
	collaborator = {Medical Research Council (MRC)},
	month = mar,
	year = {2020},
	doi = {10.25561/77482},
	keywords = {Coronavirus, COVID19, healthcare demand, Mortality, Non-pharmaceutical interventions},
	file = {Ferguson et al. - 2020 - Report 9 Impact of non-pharmaceutical interventio.pdf:C\:\\Users\\jcohen\\Zotero\\storage\\H9VNWENY\\Ferguson et al. - 2020 - Report 9 Impact of non-pharmaceutical interventio.pdf:application/pdf}
}

@article{esposito_school_2020,
	title = {School {Closure} {During} the {Coronavirus} {Disease} 2019 ({COVID}-19) {Pandemic}: {An} {Effective} {Intervention} at the {Global} {Level}?},
	shorttitle = {School {Closure} {During} the {Coronavirus} {Disease} 2019 ({COVID}-19) {Pandemic}},
	doi = {10.1001/jamapediatrics.2020.1892},
	abstract = {This Viewpoint discusses the effectiveness of school closure as a preventive measure during the coronavirus disease 2019 (COVID-19) pandemic.},
	journal = {JAMA Pediatrics},
	author = {Esposito, Susanna and Principi, Nicola},
	month = may,
	year = {2020},
	file = {Full Text PDF:C\:\\Users\\jcohen\\Zotero\\storage\\JFLQCYCE\\Esposito and Principi - 2020 - School Closure During the Coronavirus Disease 2019.pdf:application/pdf;Snapshot:C\:\\Users\\jcohen\\Zotero\\storage\\2JLJEY4T\\2766114.html:text/html}
}

@misc{staff_seattle_2020,
	title = {Seattle {Public} {Schools} announces plan for remote learning this fall},
	url = {https://komonews.com/news/coronavirus/seattle-public-schools-plans-for-online-learning-this-fall},
	abstract = {SEATTLE - The Seattle Public Schools board has unanimously voted to start school online this fall for the start of the 2020-21 school year.  The state's largest school district announced the plan for remote learning Wednesday afternoon following a board meeting.},
	urldate = {2020-08-13},
	journal = {KOMO},
	author = {Staff, KOMO News},
	month = aug,
	year = {2020},
	file = {Snapshot:C\:\\Users\\jcohen\\Zotero\\storage\\RQP5LZQ8\\seattle-public-schools-plans-for-online-learning-this-fall.html:text/html}
}


@article{hyde_covid-19_2020,
	title = {{COVID}-19, children, and schools: overlooked and at risk},
	shorttitle = {{COVID}-19, children, and schools},
	url = {https://www.mja.com.au/journal/2020/covid-19-children-and-schools-overlooked-and-risk},
	abstract = {COVID-19, children, and schools: overlooked and at risk},
	urldate = {2020-08-13},
	journal = {The Medical Journal of Australia},
	author = {Hyde, Zoë},
	month = aug,
	year = {2020},
	pages = {1},
	file = {Snapshot:C\:\\Users\\jcohen\\Zotero\\storage\\C4L8IM8P\\covid-19-children-and-schools-overlooked-and-risk.html:text/html}
}


@article{zaveri_new_2020,
	chapter = {New York},
	title = {New {York} {Schools} {Can} {Reopen}. {Will} {They}?},
	url = {https://www.nytimes.com/2020/08/10/nyregion/new-york-schools-reopening-coronavirus.html},
	abstract = {Gov. Andrew M. Cuomo is allowing New York schools to reopen, but it's unclear what teachers and parents will do.},
	urldate = {2020-08-12},
	journal = {The New York Times},
	author = {Zaveri, Mihir},
	month = aug,
	year = {2020},
	keywords = {Anthony, Susan B, Coronavirus Reopenings, Education (K-12), Monuments and Memorials (Structures), New York City, Nineteenth Amendment (US Constitution), Teachers and School Employees, Truth, Sojourner}
}

@article{zhang_changes_2020,
	title = {Changes in contact patterns shape the dynamics of the {COVID}-19 outbreak in {China}},
	volume = {368},
	copyright = {Copyright © 2020 The Authors, some rights reserved; exclusive licensee American Association for the Advancement of Science. No claim to original U.S. Government Works. http://www.sciencemag.org/about/science-licenses-journal-article-reuseThis is an article distributed under the terms of the Science Journals Default License.},
	doi = {10.1126/science.abb8001},
	number = {6498},
	journal = {Science},
	author = {Zhang, Juanjuan and Litvinova, Maria and Liang, Yuxia and Wang, Yan and Wang, Wei and Zhao, Shanlu and Wu, Qianhui and Merler, Stefano and Viboud, Cécile and Vespignani, Alessandro and Ajelli, Marco and Yu, Hongjie},
	month = jun,
	year = {2020},
	pmid = {32350060},
	pages = {1481--1486},
	file = {Full Text PDF:C\:\\Users\\jcohen\\Zotero\\storage\\K4QXMJ5H\\Zhang et al. - 2020 - Changes in contact patterns shape the dynamics of .pdf:application/pdf;Snapshot:C\:\\Users\\jcohen\\Zotero\\storage\\HCQMKPI3\\1481.html:text/html}
}

@article{guclu_social_2016,
	title = {Social {Contact} {Networks} and {Mixing} among {Students} in {K}-12 {Schools} in {Pittsburgh}, {PA}},
	volume = {11},
	doi = {10.1371/journal.pone.0151139},
	number = {3},
	journal = {PLOS ONE},
	author = {Guclu, Hasan and Read, Jonathan and Jr, Charles J. Vukotich and Galloway, David D. and Gao, Hongjiang and Rainey, Jeanette J. and Uzicanin, Amra and Zimmer, Shanta M. and Cummings, Derek A. T.},
	month = mar,
	year = {2016},
	note = {Publisher: Public Library of Science},
	keywords = {Children, Community structure, Infectious disease epidemiology, Influenza, Network analysis, Respiratory infections, Schools, Social networks},
	pages = {e0151139},
	file = {Full Text PDF:C\:\\Users\\jcohen\\Zotero\\storage\\94XSWN8D\\Guclu et al. - 2016 - Social Contact Networks and Mixing among Students .pdf:application/pdf;Snapshot:C\:\\Users\\jcohen\\Zotero\\storage\\V9QUAMP7\\article.html:text/html}
}

@misc{noauthor_report_nodate,
	title = {Report {Card} - {Washington} {State} {Report} {Card}},
	url = {https://washingtonstatereportcard.ospi.k12.wa.us/ReportCard/ViewSchoolOrDistrict/100229},
	urldate = {2020-07-08},
	year = {2020},
	file = {Report Card - Washington State Report Card:C\:\\Users\\jcohen\\Zotero\\storage\\KNDXRGH5\\100229.html:text/html}
}

@misc{noauthor_inslee_nodate,
	title = {Inslee announces statewide school closures, expansion of limits on large gatherings {\textbar} {Governor} {Jay} {Inslee}},
	url = {https://www.governor.wa.gov/news-media/inslee-announces-statewide-school-closures-expansion-limits-large-gatherings},
	abstract = {In order to further slow the spread of COVID-19, Gov. Jay Inslee announced his intention to sign several executive orders today to expand statewide closures of schools, limit large gatherings and expand protocols for adult family homes.},
	urldate = {2020-07-08},
	note = {Library Catalog: www.governor.wa.gov},
	file = {Snapshot:C\:\\Users\\jcohen\\Zotero\\storage\\2D4U22RI\\inslee-announces-statewide-school-closures-expansion-limits-large-gatherings.html:text/html}
}

@article{davies_age-dependent_nodate,
  title={Age-dependent effects in the transmission and control of COVID-19 epidemics},
  author={Nicholas G Davies and Petra Klepac and Yang Liu and Kiesha Prem and Mark Jit and Rosalind M Eggo and CMMID COVID-19 working group and others},
  journal={Nature Medicine},
  	year = {2020},
	pages = {1205-1211},
	volume = {26},
	issue = {8},
}

@misc{couzin-frankel_school_2020,
	title = {School openings across globe suggest ways to keep coronavirus at bay, despite outbreaks},
	url = {https://www.sciencemag.org/news/2020/07/school-openings-across-globe-suggest-ways-keep-coronavirus-bay-despite-outbreaks},
	abstract = {Science explores reopening strategies from South Africa to Finland to Israel},
	urldate = {2020-08-05},
	journal = {Science {\textbar} AAAS},
	author = {Couzin-Frankel, Jennifer and Vogel, Gretchen and Weil, Meagan and Jul. 7 and {2020} and Pm, 4:00},
	month = jul,
	year = {2020},
	note = {Library Catalog: www.sciencemag.org},
	file = {Snapshot:C\:\\Users\\jcohen\\Zotero\\storage\\TPRSH5JT\\school-openings-across-globe-suggest-ways-keep-coronavirus-bay-despite-outbreaks.html:text/html}
}

@misc{AAPstatement,
	title = {Pediatricians, Educators and Superintendents Urge a Safe Return to School This Fall},
	url = {https://services.aap.org/en/news-room/news-releases/aap/2020/pediatricians-educators-and-superintendents-urge-a-safe-return-to-school-this-fall/},
	author = {The American Academy of Pediatrics},
	month = jul,
	year = {2020},
}


@misc{claxton_how_2020,
	title = {How {Many} {Teachers} {Are} at {Risk} of {Serious} {Illness} {If} {Infected} with {Coronavirus}?},
	url = {https://www.kff.org/coronavirus-covid-19/issue-brief/how-many-teachers-are-at-risk-of-serious-illness-if-infected-with-coronavirus/},
	abstract = {As the nation continues to struggle to contain the spread of coronavirus, there is considerable debate about when and how to reopen schools. This analysis finds that one in four teachers (24\%, or a…},
	urldate = {2020-08-11},
	journal = {KFF},
	author = {Claxton, Gary and Kamal, Rabah},
	month = jul,
	year = {2020},
	file = {Snapshot:C\:\\Users\\jcohen\\Zotero\\storage\\4QUUV8RE\\how-many-teachers-are-at-risk-of-serious-illness-if-infected-with-coronavirus.html:text/html}
}


@misc{vegas_reopening_2020,
	title = {Reopening the {World}: {Reopening} schools—{Insights} from {Denmark} and {Finland}},
	shorttitle = {Reopening the {World}},
	url = {https://www.brookings.edu/blog/education-plus-development/2020/07/06/reopening-the-world-reopening-schools-insights-from-denmark-and-finland/},
	abstract = {Emiliana Vegas reviews the experiences of Denmark and Finland with reopening K-12 schools after COVID-19.},
	urldate = {2020-08-05},
	journal = {Brookings},
	author = {Vegas, Emiliana},
	month = jul,
	year = {2020},
	file = {Snapshot:C\:\\Users\\jcohen\\Zotero\\storage\\BUKFKY2L\\reopening-the-world-reopening-schools-insights-from-denmark-and-finland.html:text/html}
}

@article{park_early_nodate,
	title = {Early {Release} - {Contact} {Tracing} during {Coronavirus} {Disease} {Outbreak}, {South} {Korea}, 2020 - {Volume} 26, {Number} 10—{October} 2020 - {Emerging} {Infectious} {Diseases} journal - {CDC}},
	doi = {10.3201/eid2610.201315},
	abstract = {We analyzed reports for 59,073 contacts of 5,706 coronavirus disease (COVID-19) index patients reported in South Korea during January 20–March 27, 202...},
	author = {Park, Young Joon and Choe, Young June and Park, Ok and Park, Shin Young and Kim, Young-Man and Kim, Jieun and Kweon, Sanghui and Woo, Yeonhee and Gwack, Jin and Kim, Seong Sun and Lee, Jin and Hyun, Junghee and Ryu, Boyeong and Jang, Yoon Suk and Kim, Hwami and Shin, Seung Hwan and Yi, Seonju and Lee, Sangeun and Kim, Hee Kyoung and Lee, Hyeyoung and Jin, Yeowon and Park, Eunmi and Choi, Seung Woo and Kim, Miyoung and Song, Jeongsuk and Choi, Si Won and Kim, Dongwook and Jeon, Byoung-Hak and Yoo, Hyosoon and Jeong, Eun Kyeong},
	file = {Snapshot:C\:\\Users\\jcohen\\Zotero\\storage\\2ZSMDFKQ\\20-1315_article.html:text/html}
}

@article{kerr_covasim_2020,
	title = {Covasim: an agent-based model of {COVID}-19 dynamics and interventions},
	shorttitle = {Covasim},
	url = {https://www.medrxiv.org/content/10.1101/2020.05.10.20097469v1},
	doi = {10.1101/2020.05.10.20097469},
	urldate = {2020-08-07},
	journal = {medRxiv},
	author = {Kerr, Cliff C. and Stuart, Robyn M. and Mistry, Dina and Abeysuriya, Romesh G. and Hart, Gregory and Rosenfeld, Katherine and Selvaraj, Prashanth and Nunez, Rafael C. and Hagedorn, Brittany and George, Lauren and Izzo, Amanda and Palmer, Anna and Delport, Dominic and Bennette, Carrie and Wagner, Bradley and Chang, Stewart and Cohen, Jamie A. and Panovska-Griffiths, Jasmina and Jastrzebski, Michal and Oron, Assaf P. and Wenger, Edward and Famulare, Michael and Klein, Daniel J.},
	month = may,
	year = {2020},
	pages = {2020.05.10.20097469},
	file = {Full Text PDF:C\:\\Users\\jcohen\\Zotero\\storage\\BM86CZ9Y\\Kerr et al. - 2020 - Covasim an agent-based model of COVID-19 dynamics.pdf:application/pdf;Snapshot:C\:\\Users\\jcohen\\Zotero\\storage\\ZX4M49II\\2020.05.10.html:text/html}
}

@article{kerr_controlling_2020,
	title = {Controlling {COVID}-19 via test-trace-quarantine},
	url = {https://www.medrxiv.org/content/10.1101/2020.07.15.20154765v3},
	doi = {10.1101/2020.07.15.20154765},
	urldate = {2020-08-07},
	journal = {medRxiv},
	author = {Kerr, Cliff C. and Mistry, Dina and Stuart, Robyn M. and Rosenfeld, Katherine and Hart, Gregory R. and Nunez, Rafael C. and Selvaraj, Prashanth and Cohen, Jamie A. and Abeysuriya, Romesh G. and George, Lauren and Hagedorn, Brittany and Jastrzebski, Michal and Fagalde, Meaghan and Duchin, Jeffrey and Famulare, Michael and Klein, Daniel J.},
	month = jul,
	year = {2020},
	pages = {2020.07.15.20154765},
	file = {Full Text PDF:C\:\\Users\\jcohen\\Zotero\\storage\\AYWUJZAM\\Kerr et al. - 2020 - Controlling COVID-19 via test-trace-quarantine.pdf:application/pdf;Snapshot:C\:\\Users\\jcohen\\Zotero\\storage\\2ABWLGN5\\2020.07.15.html:text/html}
}

@article{auger_association_2020,
	title = {Association {Between} {Statewide} {School} {Closure} and {COVID}-19 {Incidence} and {Mortality} in the {US}},
	url = {https://jamanetwork.com/journals/jama/fullarticle/2769034},
	doi = {10.1001/jama.2020.14348},
	urldate = {2020-08-07},
	journal = {JAMA},
	author = {Auger, Katherine A. and Shah, Samir S. and Richardson, Troy and Hartley, David and Hall, Matthew and Warniment, Amanda and Timmons, Kristen and Bosse, Dianna and Ferris, Sarah A. and Brady, Patrick W. and Schondelmeyer, Amanda C. and Thomson, Joanna E.},
	month = jul,
	year = {2020},
	file = {Full Text PDF:C\:\\Users\\jcohen\\Zotero\\storage\\BNPAD86D\\Auger et al. - 2020 - Association Between Statewide School Closure and C.pdf:application/pdf;Snapshot:C\:\\Users\\jcohen\\Zotero\\storage\\9LXHGVJY\\2769034.html:text/html}
}

@article{kamenetz_most_2020,
	title = {Most {Teachers} {Worried} {About} {Reopening} {Schools}, {Coronavirus} {Poll} {Finds}},
	shorttitle = {Most {Teachers} {Worried} {About} {Reopening} {Schools}, {Coronavirus} {Poll} {Finds}},
	url = {https://www.npr.org/2020/08/06/898584176/most-teachers-concerned-about-in-person-school-2-in-3-want-to-start-the-year-onl},
	urldate = {2020-08-10},
	journal = {NPR},
	author = {Kamenetz, Anya},
	month = aug,
	year = {2020},
	file = {Snapshot:C\:\\Users\\jcohen\\Zotero\\storage\\EV8UGLG5\\most-teachers-concerned-about-in-person-school-2-in-3-want-to-start-the-year-onl.html:text/html}
}


@article{chen_hand_2020,
	title = {Hand {Hygiene}, {Mask}-{Wearing} {Behaviors} and {Its} {Associated} {Factors} during the {COVID}-19 {Epidemic}: {A} {Cross}-{Sectional} {Study} among {Primary} {School} {Students} in {Wuhan}, {China}},
	volume = {17},
	copyright = {http://creativecommons.org/licenses/by/3.0/},
	shorttitle = {Hand {Hygiene}, {Mask}-{Wearing} {Behaviors} and {Its} {Associated} {Factors} during the {COVID}-19 {Epidemic}},
	url = {https://www.mdpi.com/1660-4601/17/8/2893},
	doi = {10.3390/ijerph17082893},
	number = {8},
	urldate = {2020-08-19},
	journal = {International Journal of Environmental Research and Public Health},
	author = {Chen, Xuyu and Ran, Li and Liu, Qing and Hu, Qikai and Du, Xueying and Tan, Xiaodong},
	month = jan,
	year = {2020},
	note = {Number: 8
Publisher: Multidisciplinary Digital Publishing Institute},
	keywords = {COVID-19, hand hygiene, mask-wearing behavior, primary school student, risk factors},
	pages = {2893},
	file = {Full Text PDF:C\:\\Users\\jcohen\\Zotero\\storage\\MPHFW76I\\Chen et al. - 2020 - Hand Hygiene, Mask-Wearing Behaviors and Its Assoc.pdf:application/pdf;Snapshot:C\:\\Users\\jcohen\\Zotero\\storage\\B4HC7KM8\\htm.html:text/html}
}

@article{lyu_community_2020,
	title = {Community {Use} {Of} {Face} {Masks} {And} {COVID}-19: {Evidence} {From} {A} {Natural} {Experiment} {Of} {State} {Mandates} {In} {The} {US}},
	volume = {39},
	shorttitle = {Community {Use} {Of} {Face} {Masks} {And} {COVID}-19},
	doi = {10.1377/hlthaff.2020.00818},
	number = {8},
	journal = {Health Affairs},
	author = {Lyu, Wei and Wehby, George L.},
	month = jun,
	year = {2020},
	pages = {1419--1425},
	file = {Full Text PDF:C\:\\Users\\jcohen\\Zotero\\storage\\ZDT76685\\Lyu and Wehby - 2020 - Community Use Of Face Masks And COVID-19 Evidence.pdf:application/pdf;Snapshot:C\:\\Users\\jcohen\\Zotero\\storage\\4RAYBI48\\hlthaff.2020.html:text/html}
}

@article{chu_physical_2020,
	title = {Physical distancing, face masks, and eye protection to prevent person-to-person transmission of {SARS}-{CoV}-2 and {COVID}-19: a systematic review and meta-analysis},
	volume = {395},
	shorttitle = {Physical distancing, face masks, and eye protection to prevent person-to-person transmission of {SARS}-{CoV}-2 and {COVID}-19},
	url = {https://www.thelancet.com/journals/lancet/article/PIIS0140-6736(20)31142-9/abstract},
	doi = {10.1016/S0140-6736(20)31142-9},
	number = {10242},
	urldate = {2020-08-19},
	journal = {The Lancet},
	author = {Chu, Derek K. and Akl, Elie A. and Duda, Stephanie and Solo, Karla and Yaacoub, Sally and Schünemann, Holger J. and Chu, Derek K. and Akl, Elie A. and El-harakeh, Amena and Bognanni, Antonio and Lotfi, Tamara and Loeb, Mark and Hajizadeh, Anisa and Bak, Anna and Izcovich, Ariel and Cuello-Garcia, Carlos A. and Chen, Chen and Harris, David J. and Borowiack, Ewa and Chamseddine, Fatimah and Schünemann, Finn and Morgano, Gian Paolo and Schünemann, Giovanna E. U. Muti and Chen, Guang and Zhao, Hong and Neumann, Ignacio and Chan, Jeffrey and Khabsa, Joanne and Hneiny, Layal and Harrison, Leila and Smith, Maureen and Rizk, Nesrine and Rossi, Paolo Giorgi and AbiHanna, Pierre and El-khoury, Rayane and Stalteri, Rosa and Baldeh, Tejan and Piggott, Thomas and Zhang, Yuan and Saad, Zahra and Khamis, Assem and Reinap, Marge and Duda, Stephanie and Solo, Karla and Yaacoub, Sally and Schünemann, Holger J.},
	month = jun,
	year = {2020},
	pmid = {32497510},
	note = {Publisher: Elsevier},
	pages = {1973--1987},
	file = {Full Text PDF:C\:\\Users\\jcohen\\Zotero\\storage\\TKZPZZ7D\\Chu et al. - 2020 - Physical distancing, face masks, and eye protectio.pdf:application/pdf;Snapshot:C\:\\Users\\jcohen\\Zotero\\storage\\2EBWKMQY\\fulltext.html:text/html}
}

@article{heavey2020no,
  title={No evidence of secondary transmission of COVID-19 from children attending school in Ireland, 2020},
  author={Heavey, Laura and Casey, Geraldine and Kelly, Ciara and Kelly, David and McDarby, Geraldine},
  journal={Eurosurveillance},
  volume={25},
  number={21},
  pages={2000903},
  year={2020},
  publisher={European Centre for Disease Prevention and Control}
}

@MISC{michaud2020,
author = {Michaud, Josh and  Kates, Jennifer},
title = {What Do We Know About Children and Coronavirus Transmission?},
month = jul,
year = {2020},
howpublished={\url{https://www.kff.org/coronavirus-covid-19/issue-brief/what-do-we-know-about-children-and-coronavirus-transmission/}}
}

@article{heald2020age,
  title={Age-related differences in nasopharyngeal severe acute respiratory syndrome coronavirus 2 (SARS-CoV-2) levels in patients with mild to moderate coronavirus disease 2019 (COVID-19)},
  author={Heald-Sargent, Taylor and Muller, William J and Zheng, Xiaotian and Rippe, Jason and Patel, Ami B and Kociolek, Larry K},
  journal={JAMA Pediatrics},
  year={2020}
}

@article{blundell2020covid,
  title={COVID-19 and Inequalities},
  author={Blundell, Richard and Costa Dias, Monica and Joyce, Robert and Xu, Xiaowei},
  journal={Fiscal Studies},
  volume={41},
  number={2},
  pages={291--319},
  year={2020},
  publisher={Wiley Online Library}
}

@misc{ACS2018enrollment,
	title = {Sex by School Enrollment by Type of School by Age for the Population 3 Years and Over American Community Survey 1-year estimates.},
	author = {U.S. Census Bureau},
	url = {https://censusreporter.org},
	urldate = {2020-09-04},
	year = {2018}
}


@article{panovska2020determining,
  title={Determining the optimal strategy for reopening schools, the impact of test and trace interventions, and the risk of occurrence of a second COVID-19 epidemic wave in the UK: a modelling study},
  author={Panovska-Griffiths, Jasmina and Kerr, Cliff C and Stuart, Robyn M and Mistry, Dina and Klein, Daniel J and Viner, Russell M and Bonell, Chris},
  journal={The Lancet Child \& Adolescent Health},
  year={2020},
  publisher={Elsevier}
}

@article{head2020effect,
  title={The effect of school closures and reopening strategies on COVID-19 infection dynamics in the San Francisco Bay Area: a cross-sectional survey and modeling analysis},
  author={Head, Jennifer R and Andrejko, Kristin and Cheng, Qu and Collender, Philip A and Phillips, Sophie and Boser, Anna and Heaney, Alexandra K and Hoover, Christopher M and Wu, Sean L and Northrup, Graham R and others},
  journal={medRxiv},
  year={2020},
  publisher={Cold Spring Harbor Laboratory Press}
}

@article{koo2020interventions,
  title={Interventions to mitigate early spread of SARS-CoV-2 in Singapore: a modelling study},
  author={Koo, Joel R and Cook, Alex R and Park, Minah and Sun, Yinxiaohe and Sun, Haoyang and Lim, Jue Tao and Tam, Clarence and Dickens, Borame L},
  journal={The Lancet Infectious Diseases},
  year={2020},
  publisher={Elsevier}
}

@article{ng2020projected,
  title={Projected effects of nonpharmaceutical public health interventions to prevent resurgence of SARS-CoV-2 transmission in Canada},
  author={Ng, Victoria and Fazil, Aamir and Waddell, Lisa A and Bancej, Christina and Turgeon, Patricia and Otten, Ainsley and Atchessi, Nicole and Ogden, Nicholas H},
  journal={CMAJ},
  year={2020},
  publisher={Can Med Assoc}
}

@article{munday2020implications,
  title={Implications of the school-household network structure on SARS-CoV-2 transmission under different school reopening strategies in England},
  author={Munday, James D and Sherratt, Katharine and Meakin, Sophie and Endo, Akira and Pearson, Carl AB and Hellewell, Joel and Abbott, Sam and Bosse, Nikos and Atkins, Katherine Elizabeth and Wallinga, Jacco and others},
  journal={medRxiv},
  year={2020},
  publisher={Cold Spring Harbor Laboratory Press}
}